@misc {
	ws2811:datasheet,
	author = {Worldsemi},
	title = {{Signal line 256 Signal line 256 Gray level 3 channal Constant current LED drive IC}},
	year = {2012},
	howpublished = "\url{https://cdn-shop.adafruit.com/datasheets/WS2811.pdf}"
}

@misc {
	bluetooth-freq,
	author = "electronic-notes.com",
	title = "{Bluetooth radio interface, modulation, \& channels}",
	year = "2019",
	howpublished = "\url{https://www.electronics-notes.com/articles/connectivity/bluetooth/radio-interface-modulation-channels.php}"
}

@misc {
	bluetooth-range,
	author = "{Internet Archive}",
	title = "{Bluetooth Range: 100m, 1km, or 10km?}",
	year = "2015",
	howpublished = "\url{https://web.archive.org/web/20150613072937/http://www.bluair.pl/bluetooth-range}"
}

@misc{
	wi-fi,
	author = "{Vangie Beal}",
	title = "{WiFi}",
	year = "2001",
	howpublished = "\url{https://www.webopedia.com/definitions/wifi/}"
}

@misc{
	esp8266,
	author = "{Espressif Systems}",
	title = "{ESP8266 Wi-Fi MCU}",
	year = "2021",
	howpublished = "\url{https://www.espressif.com/en/products/socs/esp8266}",
  }

@misc {
	patent:CN103987158A,
	author = {Bai Kun and Wang Weilong and Xiao Yuanlu and Xu Deshing and Zhu Yueguang},
	title = {{Bluetooth RGB lamp}},
	number = {CN103987158A},
	howpublished = "\url{https://worldwide.espacenet.com/patent/search?q=pn%3DCN103987158A}",
	year = {2014}
}

@misc {
	patent:CN212156755U,
	author = {Yan Xuichao},
	title = {{WiFi intelligent control RGB lamp strip}},
	number = {CN103987158A},
	howpublished = "\url{https://worldwide.espacenet.com/patent/search?q=pn%3DCN212156755U}",
	year = {2014}
}

@misc {
	patent:CN210485639U,
	author = {Li Daming and Li Honggang},
	title = {{WIFI-controlled dimming and color temperature adjusting waterproof intelligent lamp strip}},
	number = {CN210485639U},
	howpublished = "\url{https://worldwide.espacenet.com/patent/search?q=pn%3DCN210485639U}",
	year = {2020}
}

@misc {
	patent:CN209213534U,
	author = {Xie Lidong},
	title = {{Intelligent WIFI color lamp strip}},
	number = {CN209213534U},
	howpublished = "\url{https://worldwide.espacenet.com/patent/search?q=pn%3DCN209213534U}",
	year = {2019}
}

@misc {
	amzn:B07DDB6JHJ,
	author = {‎ALITOVE},
	title = {{SP108E WiFi Controller}},
	number = {B07DDB6JHJ},
	howpublished = "\url{https://amzn.com/B07DDB6JHJ}"
}

@misc {
	amzn:B0792T73VB,
	author = {‎ALITOVE},
	title = {{LED Music Controller}},
	number = {B0792T73VB},
	howpublished = "\url{https://amzn.com/B0792T73VB}"
}

@misc {
	amzn:B01AG923GI,
	author = {‎ALITOVE},
	title = {{Diffused Digital RGB LED Pixel Light}},
	number = {B01AG923GI},
	howpublished = "\url{https://amzn.com/B01AG923GI}"
}

@misc {
	amzn:B09BMBHDWN,
	author = {‎‎DARKPROOF},
	title = {{LED Pixel Light WiFi Bluetooth IR Remote 3 in 1 Controller}},
	number = {B09BMBHDWN},
	howpublished = "\url{https://amzn.com/B09BMBHDWN}"
}

@misc {
	amzn:B01M4IX5FF,
	author = {‎ALITOVE},
	title = {{LED Controller Configurable SPI SD Card}},
	number = {B01M4IX5FF},
	howpublished = "\url{https://amzn.com/B01M4IX5FF}"
}

@misc {
	blog:techtarget-iot,
	author = {‎Alexander Gillis},
	title = {{What is internet of things (IoT)?}},
	howpublished = "\url{https://internetofthingsagenda.techtarget.com/definition/Internet-of-Things-IoT}"
}

@misc {
	blog:technostacks-iot-home,
	author = {{‎Technostacks}},
	title = {{What Is The Role of IoT In Home Automation?}},
	howpublished = "\url{https://technostacks.com/blog/iot-in-home-automation}"
}

@misc {
	source:homify,
	author = {{‎Homify}},
	title = {{Smart Home System Design}},
	howpublished = "\url{https://www.homify.fr/projets/531783/smart-home-system-design}"
}

@misc {
	source:onforuleds,
	author = {{OnforuLEDs}},
	title = {{RGB LED Floodlight}},
	howpublished = "\url{https://onforuleds.com/collections/rgb-led-flood-light}"
}

@misc {
	pcb-pros-cons,
	author = {Tamara Wilhite},
	title = {{What Are the Pros and Cons of PCB Antennas?}},
	year = "2019",
	howpublished = "\url{https://discover.hubpages.com/technology/What-Are-the-Pros-and-Cons-of-PCB-Antennas}"
}

@misc {
    ism-band,
    author = {{L-Com}},
    title = {{What are the Advantages and Disadvantages of ISM Band Frequencies?}},
    year = "2020",
    howpublished = "\url{https://www.l-com.com/frequently-asked-questions/advantages-and-disadvantages-of-ism-band-frequencies}"
}

@misc {
    esp-modules,
    author = {{ESP8266 Support WIKI}},
    title = {{esp-module-family}},
    year = "2020",
    howpublished = "\url{https://www.esp8266.com/wiki/doku.php?id=esp8266-module-family}"
}

@misc {
	iot-overview,
	author = {{International Telecommunication Union}},
	title = {{Y.2060 : Overview of the Internet of things}},
	year = "2012",
	howpublished = "\url{https://www.itu.int/rec/T-REC-Y.2060-201206-I}"
}

@misc {
    why-peripheral,
    author  = {Madhuri Hammad},
    title = {{Difference between Software and Peripherals}},
    year = "2020",
    howpublished = "\url{https://www.geeksforgeeks.org/difference-between-software-and-peripherals/}"
}

@misc {
	spi-intro,
	author = {Piyu Dhaker},
	title = {{Introduction to SPI Interface}},
	year = "2018",
	howpublished = "\url{https://www.analog.com/en/analog-dialogue/articles/introduction-to-spi-interface.html}"
}

@misc {
	qspi,
	author = {Balaji Gunasekaran},
	title = {{Quad-SPI, Everything You Need To Know!}},
	year = "2019",
	howpublished = "\url{https://embeddedinventor.com/quad-spi-everything-you-need-to-know/}"
}

@misc {
	gpio,
	author = {Sasang Balachandran},
	title = {{General Purpose Input/Output (GPIO)}},
	year = "2009",
	howpublished = "\url{https://www.egr.msu.edu/classes/ece480/capstone/fall09/group03/AN_balachandran.pdf}"
}

@misc {
	uart,
	author = {{Arrow Electronics}},
	title = {{What is UART Protocol? UART Communication Explained}},
	year = "2019",
	howpublished = "\url{https://www.arrow.com/en/research-and-events/articles/what-is-uart-protocol-uart-communication-explained}"
}

@misc {
	adc,
	author = {{Arrow Electronics}},
	title = {{Analog-to-Digital (ADC) Converter Types \& Basic Functions}},
	year = "2019",
	howpublished = "\url{https://www.arrow.com/en/research-and-events/articles/analog-to-digital-adc-converter-types-and-basic-functions}"
}

@misc {
	esp-ref,
	author = {{Espressif Systems}},
	title = {{ESP8266 Technical Reference}},
	year = "2020",
	howpublished = "\url{https://www.espressif.com/sites/default/files/documentation/esp8266-technical_reference_en.pdf}"
}

@misc {
	wled,
	author = {{Aircoookie}},
	title = {{WLED}},
	year = "2021",
	howpublished = "\url{https://kno.wled.ge}"
}

@misc {
	wled-udp,
	author = {{Aircoookie}},
	title = {{UDP Realtime / tpm2.net - WLED Project}},
	year = "2021",
	howpublished = "\url{https://kno.wled.ge/interfaces/udp-realtime/}"
}

@misc {
	ledfx,
	author = {{LedFx Contributors}},
	title = {{Welcome to LedFx -Making music come alive!}},
	year = "2021",
	howpublished = "\url{https://ledfx.readthedocs.io/en/master/}"
}

@misc {
	bt-sig,
	author = {{Bluetooth SIG}},
	title = {{About Us}},
	year = "2021",
	howpublished = "\url{https://www.bluetooth.com/about-us/}"
}

@misc {
	espws2811,
	author = {Mohammad Amin Sameti},
	title = {{ESPWS2811}},
	year = "2021",
	howpublished = "\url{https://github.com/mamins1376/espws2811}"
}

@misc {
	preact,
	author = {{Preact Contributors}},
	title = {{Preact: Fast 3kb React alternative}},
	year = "2021",
	howpublished = "\url{https://preactjs.com/}"
}
